<record><leader>00000cas a22000007a 4500</leader><controlfield tag="001">18130857</controlfield><controlfield tag="008">880624d18971904pauwr ne      0    0eng d</controlfield><datafield ind1=" " ind2=" " tag="010"><subfield code="a">sn 88080805 </subfield></datafield><datafield ind1=" " ind2=" " tag="040"><subfield code="a">NPH</subfield><subfield code="b">eng</subfield><subfield code="c">NPH</subfield><subfield code="d">NYS</subfield><subfield code="d">OCLCQ</subfield></datafield><datafield ind1=" " ind2=" " tag="042"><subfield code="a">msc</subfield></datafield><datafield ind1="0" ind2="4" tag="245"><subfield code="a">The Meadville Democrat and messenger.</subfield></datafield><datafield ind1="1" ind2="3" tag="246"><subfield code="a">Messenger and Democrat</subfield></datafield><datafield ind1="1" ind2="7" tag="246"><subfield code="a">Meadville Democrat</subfield></datafield><datafield ind1="1" ind2="3" tag="246"><subfield code="a">Democrat and messenger</subfield></datafield><datafield ind1=" " ind2=" " tag="260"><subfield code="a">Meadville, Pa. :</subfield><subfield code="b">R.B. Brown,</subfield><subfield code="c">1897-1904.</subfield></datafield><datafield ind1=" " ind2=" " tag="300"><subfield code="a">v.</subfield></datafield><datafield ind1=" " ind2=" " tag="310"><subfield code="a">Weekly</subfield></datafield><datafield ind1="0" ind2=" " tag="362"><subfield code="a">New ser., v. 1, no. 11 (Mar. 18, 1897)-v. 9, no. 47 (Nov. 24, 1904) = old ser., v. 62-v. 69.</subfield></datafield><datafield ind1=" " ind2=" " tag="580"><subfield code="a">Daily ed.: Daily messenger (Meadville, Pa.).</subfield></datafield><datafield ind1=" " ind2="4" tag="651"><subfield code="a">Meadville (N.Y.)</subfield><subfield code="v">Newspapers.</subfield></datafield><datafield ind1=" " ind2=" " tag="752"><subfield code="a">United States</subfield><subfield code="b">Pennsylvania</subfield><subfield code="c">Crawford</subfield><subfield code="d">Meadville.</subfield></datafield><datafield ind1="1" ind2=" " tag="775"><subfield code="t">Daily messenger (Meadville, Pa.)</subfield><subfield code="w">(DLC)sn 86081261</subfield></datafield><datafield ind1="0" ind2="4" tag="780"><subfield code="t">Meadville messenger</subfield><subfield code="w">(DLC)sn 88080804</subfield></datafield><datafield ind1="0" ind2="4" tag="780"><subfield code="t">Democrat (Meadville, Pa.)</subfield></datafield></record>